@book{ITS1,
    shorthand={ITS1},
    author = {Horster, Patrick and Kollmann, Franz and Rass, Stefan and Schaffer, Martin and Schartner, Peter},
    title = {ITS1 - Systemsicherheit},
    year = {2014},
    publisher = {Trier University of Applied Sciences},
}

@book{ITS2,
    shorthand={ITS2},
    author = {Münch, Isabel and Schaumüller-Bichl, Ingrid},
    title = {ITS2 - Sicherheitsmanagement},
    year = {2022},
    publisher = {Trier University of Applied Sciences},
}

@book{ITS3,
    shorthand={ITS3},
    author = {Horster, Patrick und Schartner, Peter},
    title = {ITS3 - Angewandte Kryptologie},
    year = {2006},
    publisher = {Trier University of Applied Sciences},
}



@online{BSI200-2,
    shorthand={BSI200-2},
    url={https://www.bsi.bund.de/dok/10027846},
    title = {BSI-Standard 200-2},
    author = {Bundesamt für Sicherheit in der Informationstechnik},
    publisher = {Bundesamt für Sicherheit in der Informationstechnik},
    year = {2017},
}

@online{BSI200-3,
    shorthand={BSI200-3},
    url={https://www.bsi.bund.de/dok/10027822},
    title = {BSI-Standard 200-3},
    author = {Bundesamt für Sicherheit in der Informationstechnik},
    publisher = {Bundesamt für Sicherheit in der Informationstechnik},
    year = {2017},
}

@book{Eck18,
    url = {https://doi.org/10.1515/9783110563900},
    title = {IT-Sicherheit},
    title = {Konzepte - Verfahren - Protokolle},
    author = {Claudia Eckert},
    publisher = {De Gruyter Oldenbourg},
    address = {Berlin, Boston},
    doi = {doi:10.1515/9783110563900},
    isbn = {9783110563900},
    year = {2018},
    lastchecked = {2025-03-22}
}
