@book{ITS1,
    shorthand={ITS1},
    author = {Horster, Patrick and Kollmann, Franz and Rass, Stefan and Schaffer, Martin and Schartner, Peter},
    title = {ITS1 - Systemsicherheit},
    year = {2014},
    publisher = {Trier University of Applied Sciences},
}

@book{ITS2,
    shorthand={ITS2},
    author = {M端nch, Isabel and Schaum端ller-Bichl, Ingrid},
    title = {ITS2 - Sicherheitsmanagement},
    year = {2022},
    publisher = {Trier University of Applied Sciences},
}


@online{BSI200-2,
    shorthand={BSI200-2},
    url={https://www.bsi.bund.de/dok/10027846},
    title = {BSI-Standard 200-2},
    author = {Bundesamt f端r Sicherheit in der Informationstechnik},
    publisher = {Bundesamt f端r Sicherheit in der Informationstechnik},
    year = {2017},
}
