@book{HKRS+14,
    author = {Horster, Patrick and Kollmann, Franz and Rass, Stefan and Schaffer, Martin and Schrtner, Peter},
    title = {ITS1 - Systemsicherheit},
    year = {2014},
    publisher = {Trier University of Applied Sciences},
}

@book{Eck18,
    url = {https://doi.org/10.1515/9783110563900},
    title = {IT-Sicherheit},
    title = {Konzepte - Verfahren - Protokolle},
    author = {Claudia Eckert},
    publisher = {De Gruyter Oldenbourg},
    address = {Berlin, Boston},
    doi = {doi:10.1515/9783110563900},
    isbn = {9783110563900},
    year = {2018},
    lastchecked = {2025-03-22}
}

@url{BSIBasis,
url={https://www.bsi.bund.de/dok/10051454},
title = {Leitfaden zur Basis-Absicherung nach IT-Grundschutz},
author = {Bundesamt für Sicherheit in der Informationstechnik},
publisher = {Bundesamt für Sicherheit in der Informationstechnik},
year = {2017},
}


@inbook{Sch15,
    author = {Schneier, Bruce},
    publisher = {John Wiley & Sons, Ltd},
    isbn = {9781119183471},
    title = {One-Way Hash Functions},
    booktitle = {Applied Cryptography, Second Edition},
    chapter = {18},
    pages = {429-459},
    doi = {https://doi.org/10.1002/9781119183471.ch18},
    year = {2015},
    keywords = {MD2, MD4, MD5, N-Hash, one-way hash functions, secure hash algorithm, Snefru},
    abstract = {Summary This chapter presents an overview of one-way hash functions including Snefru, N-Hash, MD4, MD5, MD2, secure hash algorithm (SHA), and HAVAL. In the real world, one-way hash functions are built on the idea of a compression function. This one-way function outputs a hash value of length given an input of some larger length. the chapter gives timing measurements for some hash functions. They are meant for comparison purposes only. A message authentication code, or MAC, is a key-dependent one-way hash function. An easy way to turn a one-way hash function into a MAC is to encrypt the hash value with a symmetric algorithm. Any MAC can be turned into a one-way hash function by making the key public.}
}
