@book{ITS1,
    shorthand={ITS1},
    author = {Horster, Patrick and Kollmann, Franz and Rass, Stefan and Schaffer, Martin and Schartner, Peter},
    title = {ITS1 - Systemsicherheit},
    year = {2014},
    publisher = {Trier University of Applied Sciences},
}

@book{ITS2,
    shorthand={ITS2},
    author = {Münch, Isabel and Schaumüller-Bichl, Ingrid},
    title = {ITS2 - Sicherheitsmanagement},
    year = {2022},
    publisher = {Trier University of Applied Sciences},
}

@book{ITS3,
    shorthand={ITS3},
    author = {Horster, Patrick and Schartner, Peter},
    title = {ITS3 - Angewandte Kryptologie},
    year = {2006},
    publisher = {Trier University of Applied Sciences},
}

@book{ITS4,
    shorthand={ITS4},
    author = {Eichhorn, Alexander and Kühnhauser, Winfried and
 Schartner, Peter and Rass, Stefan},
    title = {ITS4 - Netzsicherheit},
    year = {2016},
    publisher = {Trier University of Applied Sciences},
}


@online{BSI200-2,
    shorthand={BSI200-2},
    url={https://www.bsi.bund.de/dok/10027846},
    title = {BSI-Standard 200-2},
    author = {Bundesamt für Sicherheit in der Informationstechnik},
    publisher = {Bundesamt für Sicherheit in der Informationstechnik},
    year = {2017},
}

@online{BSI200-3,
    shorthand={BSI200-3},
    url={https://www.bsi.bund.de/dok/10027822},
    title = {BSI-Standard 200-3},
    author = {Bundesamt für Sicherheit in der Informationstechnik},
    publisher = {Bundesamt für Sicherheit in der Informationstechnik},
    year = {2017},
}

@book{Eck18,
    url = {https://doi.org/10.1515/9783110563900},
    title = {IT-Sicherheit},
    title = {Konzepte - Verfahren - Protokolle},
    author = {Claudia Eckert},
    publisher = {De Gruyter Oldenbourg},
    address = {Berlin, Boston},
    doi = {doi:10.1515/9783110563900},
    isbn = {9783110563900},
    year = {2018},
    lastchecked = {2025-03-22}
}

@misc{RFC4302,
    shorthand={RFC4302},
    series =    {Request for Comments},
    number =    4302,
    howpublished =  {RFC 4302},
    publisher = {RFC Editor},
    doi =       {10.17487/RFC4302},
    url =       {https://www.rfc-editor.org/info/rfc4302},
    author =    {Stephen Kent},
    title =     {{IP Authentication Header}},
    pagetotal = 34,
    year =      2005,
    month =     dec,
    abstract =  {This document describes an updated version of the IP Authentication Header (AH), which is designed to provide authentication services in IPv4 and IPv6. This document obsoletes RFC 2402 (November 1998). {[}STANDARDS-TRACK{]}},
}

@misc{RFC4303,
    shorthand={RFC4303},
    series =    {Request for Comments},
    number =    4303,
    howpublished =  {RFC 4303},
    publisher = {RFC Editor},
    doi =       {10.17487/RFC4303},
    url =       {https://www.rfc-editor.org/info/rfc4303},
    author =    {Stephen Kent},
    title =     {{IP Encapsulating Security Payload (ESP)}},
    pagetotal = 44,
    year =      2005,
    month =     dec,
    abstract =  {This document describes an updated version of the Encapsulating Security Payload (ESP) protocol, which is designed to provide a mix of security services in IPv4 and IPv6. ESP is used to provide confidentiality, data origin authentication, connectionless integrity, an anti-replay service (a form of partial sequence integrity), and limited traffic flow confidentiality. This document obsoletes RFC 2406 (November 1998). {[}STANDARDS-TRACK{]}},
}


@book{KR14,
    author   = {Kurose, James F. and Ross, Keith W.},
    title    = {{Computernetzwerke Der Top-Down-Ansatz}},
    abstract = {{Das Lehrbuch Computernetzwerke vermittelt in der vorliegenden Bachelorausgabe das Grundwissen von den traditionellen bis hin zu den modernen Datenbankanwendungen. MitErweiterungen im Bereich der Multimedianetzwerke und aktualisierten Materialen zu drahtlosen Netzwerktechnologien bietet dieses Lehrbuch in der 6. Auflage die aktuellste Beschreibung von Technologien und Modellen im Bereich von Telekommunikationssystemen, Computernetzen und Internet.Hier finden Sie Downloads zu diesem Titel.}},
    pages    = {896},
    publisher = {Pearson Deutschland},
    year     = {2014},
    isbn     = {9783868942378},
    doi      = {},
    url      = {https://elibrary.pearson.de/book/99.150005/9783863266868},
    keywords = {Informatik},
    keywords = {Netzwerke},
    keywords = {Vernetzen},
    keywords = {Kurose},
    keywords = {Top-Down-Ansatz}
}

@book{TFW21,
    author   = {Tanenbaum, Andrew and Wetherall, David and Feamster, Nick},
    title    = {{Computer Networks Global Edition}},
    abstract = {{For coursesin Business Data Communication and Networking.
An introduction to computer networking grounded in real-world examples. In Computer Networks,Tanenbaum et al. explain how networks work from the inside out.
    They start with the physical layer of networking, computer hardware and transmission systems,then work their way up to network applications. Each chapter follows a
    consistent approach: The book presents key principles, then illustrates the mutilizing real-world example networks that run through the entire book  the Internet,
    and wireless networks, including Wireless LANs, broadband wireless,and Bluetooth. The 6th Edition is updated throughout to reflect the most current technologies, and
    the chapter on network security is rewritten to focus on modern security principles and actions.
}},
    pages    = {944},
    publisher = {Pearson Deutschland},
    year     = {2021},
    isbn     = {9781292374062},
    doi      = {},
    url      = {https://elibrary.pearson.de/book/99.150005/9781292374017}
}
